@ARTICLE{Springel2005,
   author = {{Springel}, V.},
    title = "{The cosmological simulation code GADGET-2}",
  journal = {\mnras},
   eprint = {astro-ph/0505010},
 keywords = {methods: numerical, galaxies: interactions, dark matter},
     year = 2005,
    month = dec,
   volume = 364,
    pages = {1105-1134},
      doi = {10.1111/j.1365-2966.2005.09655.x},
   adsurl = {http://adsabs.harvard.edu/abs/2005MNRAS.364.1105S},
  adsnote = {Provided by the SAO/NASA Astrophysics Data System}
}


@ARTICLE{Quinn1997,
   author = {{Quinn}, T. and {Katz}, N. and {Stadel}, J. and {Lake}, G.},
    title = "{Time stepping N-body simulations}",
  journal = {ArXiv Astrophysics e-prints},
   eprint = {astro-ph/9710043},
 keywords = {Astrophysics},
     year = 1997,
    month = oct,
   adsurl = {http://adsabs.harvard.edu/abs/1997astro.ph.10043Q},
  adsnote = {Provided by the SAO/NASA Astrophysics Data System}
}

@ARTICLE{Linder2003,
   author = {{Linder}, E.~V. and {Jenkins}, A.},
    title = "{Cosmic structure growth and dark energy}",
  journal = {\mnras},
   eprint = {astro-ph/0305286},
 keywords = {gravitation, methods: numerical, cosmological parameters},
     year = 2003,
    month = dec,
   volume = 346,
    pages = {573-583},
      doi = {10.1046/j.1365-2966.2003.07112.x},
   adsurl = {http://adsabs.harvard.edu/abs/2003MNRAS.346..573L},
  adsnote = {Provided by the SAO/NASA Astrophysics Data System}
}

@book{GSL,
 author = {Gough, Brian},
 title = {GNU Scientific Library Reference Manual - Third Edition},
 year = {2009},
 isbn = {0954612078, 9780954612078},
 edition = {3rd},
 publisher = {Network Theory Ltd.},
}


