@article{Springel2005,
   author = {{Springel}, V.},
    title = "{The cosmological simulation code GADGET-2}",
  journal = {\mnras},
   eprint = {astro-ph/0505010},
 keywords = {methods: numerical, galaxies: interactions, dark matter},
     year = 2005,
    month = dec,
   volume = 364,
    pages = {1105-1134},
      doi = {10.1111/j.1365-2966.2005.09655.x},
   adsurl = {http://adsabs.harvard.edu/abs/2005MNRAS.364.1105S},
  adsnote = {Provided by the SAO/NASA Astrophysics Data System}
}

@ARTICLE{Price2012,
   author = {{Price}, D.~J.},
   title = "{Smoothed particle hydrodynamics and magnetohydrodynamics}",
   journal = {Journal of Computational Physics},
   archivePrefix = "arXiv",
   eprint = {1012.1885},
   primaryClass = "astro-ph.IM",
   year = 2012,
   month = feb,
   volume = 231,
   pages = {759-794},
   doi = {10.1016/j.jcp.2010.12.011},
   adsurl = {http://adsabs.harvard.edu/abs/2012JCoPh.231..759P},
   adsnote = {Provided by the SAO/NASA Astrophysics Data System}
}


@article{Gingold1977,
    title={Smoothed particle hydrodynamics-theory and application to non-spherical stars},
    author={Gingold, Robert A and Monaghan, Joseph J},
    journal={Monthly notices of the royal astronomical society},
    volume={181},
    pages={375--389},
    year={1977}
    }

@article{Viccione2008,
    title={Defining and optimizing algorithms for neighbouring particle identification in SPH fluid simulations},
    author={Viccione, G and Bovolin, V and Carratelli, E Pugliese},
    journal={International Journal for Numerical Methods in Fluids},
    volume={58},
    number={6},
    pages={625--638},
    year={2008},
    publisher={Wiley Online Library}
    }


@article{Lee1977,
    title={Worst-case analysis for region and partial region searches in multidimensional binary search trees and balanced quad trees},
    author={Lee, Der-Tsai and Wong, CK},
    journal={Acta Informatica},
    volume={9},
    number={1},
    pages={23--29},
    year={1977},
    publisher={Springer}
    }


@article{Verlet1967,
    title = {Computer ``Experiments'' on Classical Fluids. {I}. {T}hermodynamical Properties of {L}ennard-{J}ones Molecules},
    author = {Verlet, Loup},
    journal = {Physical Review},
    volume = {159},
    number = {1},
    pages = {98},
    year = {1967},
    doi = {10.1103/PhysRev.159.98},
    publisher = {American Physical Society}
    }


@book{Allen1989,
    title={Computer simulation of liquids},
    author={Allen, M.P. and Tildesley, D.J.},
    volume={18},
    number={195},
    year={1989},
    publisher={Oxford university press}
    }

@article{Barnes1986,
  title={A hierarchical O (N log N) force-calculation algorithm},
  author={Barnes, Josh and Hut, Piet},
  journal={Nature},
  year={1986},
  publisher={Nature Publishing Group}
}


@article{Hernquist1989,
    title={{TREESPH}-{A} unification of {SPH} with the hierarchical tree method},
    author={Hernquist, Lars and Katz, Neal},
    journal={The Astrophysical Journal Supplement Series},
    volume={70},
    pages={419--446},
    year={1989}
    }

@article{Gonnet2012,
    author = "Gonnet, Pedro",
    title = "Pairwise {V}erlet lists: Combining cell lists and {V}erlet lists to improve memory locality and parallelism",
    journal = "Journal of Computational Chemistry",
    volume = "33",
    issue = "1",
    pages = "76--81",
    year = "2012"
    }

@article{Gonnet2013,
    title={Pseudo-{V}erlet lists: a new, compact neighbour list representation},
    author={Gonnet, Pedro},
    journal={Molecular Simulation},
    volume={39},
    number={9},
    pages={721--727},
    year={2013},
    publisher={Taylor \& Francis}
    }


@article{Bentley1975,
    title={Multidimensional binary search trees used for associative searching},
    author={Bentley, Jon Louis},
    journal={Communications of the ACM},
    volume={18},
    number={9},
    pages={509--517},
    year={1975},
    publisher={ACM}
    }

@article{Wadsley2004,
    title={Gasoline: a flexible, parallel implementation of {TreeSPH}},
    author={Wadsley, JW and Stadel, Joachim and Quinn, Thomas},
    journal={New Astronomy},
    volume={9},
    number={2},
    pages={137--158},
    year={2004},
    publisher={Elsevier}
    }

@article{Dominguez2011,
    title={Neighbour lists in smoothed particle hydrodynamics},
    author={Dom{\'\i}nguez, JM and Crespo, AJC and G{\'o}mez-Gesteira, M and Marongiu, JC},
    journal={International Journal for Numerical Methods in Fluids},
    volume={67},
    number={12},
    pages={2026--2042},
    year={2011},
    publisher={Wiley Online Library}
    }

@article{Meagher1982,
    title={Geometric modeling using octree encoding},
    author={Meagher, Donald},
    journal={Computer Graphics and Image Processing},
    volume={19},
    number={2},
    pages={129--147},
    year={1982},
    publisher={Elsevier}
    }
@article{Carrier1988,
  title={A fast adaptive multipole algorithm for particle simulations},
  author={Carrier, J and Greengard, Leslie and Rokhlin, Vladimir},
  journal={SIAM Journal on Scientific and Statistical Computing},
  volume={9},
  number={4},
  pages={669--686},
  year={1988},
  publisher={SIAM}
}


@ARTICLE{Schaye2015,
   author = {{Schaye}, J. and {Crain}, R.~A. and {Bower}, R.~G. and {Furlong}, M. and 
	{Schaller}, M. and {Theuns}, T. and {Dalla Vecchia}, C. and 
	{Frenk}, C.~S. and {McCarthy}, I.~G. and {Helly}, J.~C. and 
	{Jenkins}, A. and {Rosas-Guevara}, Y.~M. and {White}, S.~D.~M. and 
	{Baes}, M. and {Booth}, C.~M. and {Camps}, P. and {Navarro}, J.~F. and 
	{Qu}, Y. and {Rahmati}, A. and {Sawala}, T. and {Thomas}, P.~A. and 
	{Trayford}, J.},
    title = "{The EAGLE project: simulating the evolution and assembly of galaxies and their environments}",
  journal = {\mnras},
archivePrefix = "arXiv",
   eprint = {1407.7040},
 keywords = {methods: numerical, galaxies: evolution, galaxies: formation, cosmology: theory},
     year = 2015,
    month = jan,
   volume = 446,
    pages = {521-554},
      doi = {10.1093/mnras/stu2058},
   adsurl = {http://adsabs.harvard.edu/abs/2015MNRAS.446..521S},
  adsnote = {Provided by the SAO/NASA Astrophysics Data System}
}

@article{gonnet2013swift,
  title={SWIFT: Fast algorithms for multi-resolution SPH on multi-core architectures},
  author={Gonnet, Pedro and Schaller, Matthieu and Theuns, Tom and Chalk, Aidan BG},
  journal={arXiv preprint arXiv:1309.3783},
  year={2013}
}

@inproceedings{theuns2015swift,
  title={Swift: task-based hydrodynamics and gravity for cosmological simulations},
  author={Theuns, Tom and Chalk, Aidan and Schaller, Matthieu and Gonnet, Pedro},
  booktitle={Proceedings of the 3rd International Conference on Exascale Applications and Software},
  pages={98--102},
  year={2015},
  organization={University of Edinburgh}
}

@article{gonnet2015efficient,
  title={Efficient and Scalable Algorithms for Smoothed Particle Hydrodynamics on Hybrid Shared/Distributed-Memory Architectures},
  author={Gonnet, Pedro},
  journal={SIAM Journal on Scientific Computing},
  volume={37},
  number={1},
  pages={C95--C121},
  year={2015},
  publisher={SIAM}
}
   
@article{ref:Dagum1998,
    title={{OpenMP}: an industry standard {API} for shared-memory programming},
    author={Dagum, Leonardo and Menon, Ramesh},
    journal={Computational Science \& Engineering, IEEE},
    volume={5},
    number={1},
    pages={46--55},
    year={1998},
    publisher={IEEE}
    }

@book{ref:Snir1998,
    title={{MPI}: The Complete Reference (Vol. 1): Volume 1-The {MPI} Core},
    author={Snir, Marc and Otto, Steve and Huss-Lederman, Steven and Walker, David and Dongarra, Jack},
    volume={1},
    year={1998},
    publisher={MIT press}
    }

