@ARTICLE{schaye2008,
   author = {{Schaye}, J. and {Dalla Vecchia}, C.},
    title = "{On the relation between the Schmidt and Kennicutt-Schmidt star formation laws and its implications for numerical simulations}",
  journal = {\mnras},
archivePrefix = "arXiv",
   eprint = {0709.0292},
 keywords = {stars: formation , galaxies: evolution , galaxies: formation , galaxies: ISM},
     year = 2008,
    month = jan,
   volume = 383,
    pages = {1210-1222},
      doi = {10.1111/j.1365-2966.2007.12639.x},
   adsurl = {http://adsabs.harvard.edu/abs/2008MNRAS.383.1210S},
  adsnote = {Provided by the SAO/NASA Astrophysics Data System}
}

@ARTICLE{schaye2004,
   author = {{Schaye}, J.},
    title = "{Star Formation Thresholds and Galaxy Edges: Why and Where}",
  journal = {\apj},
   eprint = {astro-ph/0205125},
 keywords = {Galaxies: Evolution, Galaxies: Formation, Galaxies: ISM, ISM: Clouds, Stars: Formation},
     year = 2004,
    month = jul,
   volume = 609,
    pages = {667-682},
      doi = {10.1086/421232},
   adsurl = {http://adsabs.harvard.edu/abs/2004ApJ...609..667S},
  adsnote = {Provided by the SAO/NASA Astrophysics Data System}
}

@ARTICLE{kennicutt1998,
   author = {{Kennicutt}, Jr., R.~C.},
    title = "{The Global Schmidt Law in Star-forming Galaxies}",
  journal = {\apj},
   eprint = {astro-ph/9712213},
 keywords = {GALAXIES: EVOLUTION, GALAXIES: ISM, GALAXIES: SPIRAL, GALAXIES: STELLAR CONTENT, GALAXIES: STARBURST, STARS: FORMATION, Galaxies: Evolution, Galaxies: ISM, Galaxies: Spiral, Galaxies: Starburst, Galaxies: Stellar Content, Stars: Formation},
     year = 1998,
    month = may,
   volume = 498,
    pages = {541-552},
      doi = {10.1086/305588},
   adsurl = {http://adsabs.harvard.edu/abs/1998ApJ...498..541K},
  adsnote = {Provided by the SAO/NASA Astrophysics Data System}
}

