@misc{ref:mdcore,
    title = "{\tt mdcore}",
    url = "http://mdcore.sourceforge.net"
    }

@manual{ref:cuda,
    title = "NVIDIA {CUDA} {C} Programming Guide 4.2",
    organization = "NVIDIA Corporation",
    address = "Santa Clara, CA 95050, USA",
    year = "2012"
    }
    
@article{ref:Fomin2011,
    author = {Fomin, Eduard S.},
    title = {Consideration of data load time on modern processors for the {V}erlet table and linked-cell algorithms},
    journal = {Journal of Computational Chemistry},
    volume = {32},
    number = {7},
    doi = {10.1002/jcc.21722},
    pages = {1386--1399},
    year = {2011}
    }
    
@article{ref:Gonnet2012,
    author = "Gonnet, Pedro",
    title = "Pairwise {V}erlet lists: Combining cell lists and {V}erlet lists to improve memory locality and parallelism",
    journal = "Journal of Computational Chemistry",
    volume = "33",
    issue = "1",
    pages = "76--81",
    year = "2012"
    }

@techreport{ref:Gonnet2012b,
    author = "Gonnet, Pedro",
    title = "Pseudo-{V}erlet lists: A New, Compact Neighbor List Representation",
    institution = "School of Engineering and Computing Sciences, Durham University",
    address = "Durham, United Kingdom",
    number = "ECSTR 2012/02",
    month = "Oct.", 
    year = "2012"
    }
    
@article{ref:Harvey2009,
    title={{ACEMD}: accelerating biomolecular dynamics in the microsecond time scale},
    author={Harvey, MJ and Giupponi, G. and Fabritiis, G.D.},
    journal={Journal of Chemical Theory and Computation},
    volume={5},
    number={6},
    pages={1632--1639},
    year={2009},
    publisher={ACS Publications}
    }
    
@article{ref:Stone2007,
    title={Accelerating molecular modeling applications with graphics processors},
    author={Stone, J.E. and Phillips, J.C. and Freddolino, P.L. and Hardy, D.J. and Trabuco, L.G. and Schulten, K.},
    journal={Journal of Computational Chemistry},
    volume={28},
    number={16},
    pages={2618--2640},
    year={2007},
    publisher={Wiley Online Library}
    }
    
@inproceedings{ref:Ganesan2011,
    title={{FENZI}: {GPU}-enabled Molecular Dynamics Simulations of Large Membrane Regions based on the CHARMM force field and PME},
    author={Ganesan, N. and Taufer, M. and Bauer, B. and Patel, S.},
    booktitle={Parallel and Distributed Processing Workshops and Phd Forum (IPDPSW), 2011 IEEE International Symposium on},
    pages={472--480},
    year={2011},
    organization={IEEE}
    }
    
@article{ref:Peters2011,
    title={Fast in-place, comparison-based sorting with {CUDA}: a study with bitonic sort},
    author={Peters, H. and Schulz-Hildebrandt, O. and Luttenberger, N.},
    journal={Concurrency and Computation: Practice and Experience},
    volume={23},
    number={7},
    pages={681--693},
    year={2011},
    publisher={Wiley Online Library}
    }
    
@article{ref:Gonnet2010b,
    author = "Pedro Gonnet",
    title = "Using piecewise polynomials for faster potential function evaluation",
    journal = "Journal of Computational Physics",
    volume = "229",
    number = "2",
    pages = "313--324",
    year = "2010",
    doi = "10.1016/j.jcp.2009.09.028",
    }
    
@article{ref:Verlet1967,
    title = {Computer ``Experiments'' on Classical Fluids. {I}. {T}hermodynamical Properties of {L}ennard-{J}ones Molecules},
    author = {Verlet, Loup},
    journal = {Physical Review},
    volume = {159},
    number = {1},
    pages = {98},
    year = {1967},
    doi = {10.1103/PhysRev.159.98},
    publisher = {American Physical Society}
    }

@article{ref:Gonnet2007,
    author = {Gonnet, Pedro},
    title = {A simple algorithm to accelerate the computation of non-bonded interactions in cell-based molecular dynamics simulations},
    journal = {Journal of Computational Chemistry},
    volume = {28},
    number = {2},
    pages = {570--573},
    year = {2007},
    doi = {10.1002/jcc.20563}
    }

@article{ref:Eastman2010,
    title={Efficient nonbonded interactions for molecular dynamics on a graphics processing unit},
    author={Eastman, P. and Pande, V.S.},
    journal={Journal of computational chemistry},
    volume={31},
    number={6},
    pages={1268--1272},
    year={2010},
    publisher={Wiley Online Library}
    }
    
@article{ref:Friedrichs2009,
    title={Accelerating molecular dynamic simulation on graphics processing units},
    author={Friedrichs, M.S. and Eastman, P. and Vaidyanathan, V. and Houston, M. and Legrand, S. and Beberg, A.L. and Ensign, D.L. and Bruns, C.M. and Pande, V.S.},
    journal={Journal of computational chemistry},
    volume={30},
    number={6},
    pages={864--872},
    year={2009},
    publisher={Wiley Online Library}
    }
    
@article{ref:Anderson2008,
    title={General purpose molecular dynamics simulations fully implemented on graphics processing units},
    author={Anderson, J.A. and Lorenz, C.D. and Travesset, A.},
    journal={Journal of Computational Physics},
    volume={227},
    number={10},
    pages={5342--5359},
    year={2008},
    publisher={Elsevier}
    }

@book{ref:Sanders2010,
    title={{CUDA} by example: an introduction to general-purpose {GPU} programming},
    author={Sanders, J. and Kandrot, E.},
    year={2010},
    publisher={Addison-Wesley Professional}
    }

@article{ref:Geer2005,
    title={Chip makers turn to multicore processors},
    author={Geer, D.},
    journal={Computer},
    volume={38},
    number={5},
    pages={11--13},
    year={2005},
    publisher={IEEE}
    }
    
@book{ref:Allen1989,
    title={Computer simulation of liquids},
    author={Allen, M.P. and Tildesley, D.J.},
    volume={18},
    number={195},
    year={1989},
    publisher={Oxford university press}
    }
    
@article{ref:Stone2010,
    title={{GPU}-accelerated molecular modeling coming of age},
    author={Stone, J.E. and Hardy, D.J. and Ufimtsev, I.S. and Schulten, K.},
    journal={Journal of Molecular Graphics and Modelling},
    volume={29},
    number={2},
    pages={116--125},
    year={2010},
    publisher={Elsevier}
    }

@article{ref:Essmann1995,
    title={A smooth particle mesh Ewald method},
    author={Essmann, U. and Perera, L. and Berkowitz, M.L. and Darden, T. and Lee, H. and Pedersen, L.G.},
    journal={The Journal of Chemical Physics},
    volume={103},
    pages={8577},
    year={1995}
    }

@article{ref:Rossinelli2011,
    title={Mesh--particle interpolations on graphics processing units and multicore central processing units},
    author={Rossinelli, D. and Conti, C. and Koumoutsakos, P.},
    journal={Philosophical Transactions of the Royal Society A: Mathematical, Physical and Engineering Sciences},
    volume={369},
    number={1944},
    pages={2164--2175},
    year={2011},
    publisher={The Royal Society}
    }

